<record><leader>00000cas a22000007a 4500</leader><controlfield tag="001">13777582</controlfield><controlfield tag="008">860625d18631868pauwr ne      0    0eng d</controlfield><datafield ind1=" " ind2=" " tag="010"><subfield code="a">sn 86053529 </subfield></datafield><datafield ind1=" " ind2=" " tag="040"><subfield code="a">NPX</subfield><subfield code="b">eng</subfield><subfield code="c">NPX</subfield><subfield code="d">NPH</subfield><subfield code="d">OCLCQ</subfield></datafield><datafield ind1=" " ind2=" " tag="042"><subfield code="a">msc</subfield></datafield><datafield ind1="0" ind2="0" tag="245"><subfield code="a">Hamburg advertiser.</subfield></datafield><datafield ind1=" " ind2=" " tag="260"><subfield code="a">Hamburg, Pa. :</subfield><subfield code="b">M. Henry Schollenberger</subfield></datafield><datafield ind1=" " ind2=" " tag="300"><subfield code="a">v. :</subfield><subfield code="b">ill. (chiefly advertisements) ;</subfield><subfield code="c">56 cm.</subfield></datafield><datafield ind1=" " ind2=" " tag="310"><subfield code="a">Weekly</subfield></datafield><datafield ind1="1" ind2=" " tag="362"><subfield code="a">Began with July 5, 1863 issue; ceased in 1868?</subfield><subfield code="z">Cf. Nolan, J.B. Newspapers of Berks Co., Pa., 1789-1900.</subfield></datafield><datafield ind1=" " ind2=" " tag="500"><subfield code="a">Republican. Cf. Bicentennial hist. of Hamburg Borough.</subfield></datafield><datafield ind1=" " ind2=" " tag="588"><subfield code="a">Description based on: Vol. 1, no. 31 (Feb. 6, 1864).</subfield></datafield><datafield ind1=" " ind2=" " tag="752"><subfield code="a">United States</subfield><subfield code="b">Pennsylvania</subfield><subfield code="c">Berks</subfield><subfield code="d">Hamburg.</subfield></datafield><datafield ind1="0" ind2="0" tag="785"><subfield code="t">Weekly herald and Hamburg advertiser</subfield></datafield><datafield ind1="1" ind2=" " tag="029"><subfield code="a">AU@</subfield><subfield code="b">000025791320</subfield></datafield></record>